% Encoding: UTF-8

@book{zorich_1,
  author = {Владимир Антонович Зорич},
  title  = {Математический анализ. Часть I},
  year   = {2020},
  pages  = {564},
  isbn   = {978-5-4439-4030-4}
}

@book{zorich_2,
  author = {Владимир Антонович Зорич},
  title  = {Математический анализ. Часть II},
  year   = {2019},
  pages  = {675},
  isbn   = {978-5-4439-1303-2}
}

@book{kostrikin,
  author = {Алексей Иванович Кострыкин},
  title  = {Введение в алгебру. Основы Алгебры. Часть I},
  year   = {2020},
  pages  = {272},
  isbn   = {978-5-4439-4116-5}
}

@book{kostrikin,
  author = {Алексей Иванович Кострыкин},
  title  = {Введение в алгебру. Линейная Алгебра. Часть II},
  year   = {2018},
  pages  = {368},
  isbn   = {978-5-4439-1265-3}
}

@book{kostrikin,
  author = {Алексей Иванович Кострыкин},
  title  = {Введение в алгебру. Основные структуры алгебры. Часть III},
  year   = {2018},
  pages  = {272},
  isbn   = {978-5-4439-1266-0}
}

@book{straustrup,
  author = {Бьерн Страуструп},
  title  = {Язык программирования C++},
  year   = {2020},
  pages  = {1136},
  isbn   = {978-5-7989-0425-9}
}

@book{polukhin,
  author = {Антон А. Полухин},
  title  = {Разработка приложений на  C++ с использованием Boost. Рецепты, упрощающие разработку вашего приложения},
  year   = {2020},
  pages  = {346},
  isbn   = {987-5-97060-868-5}
}

@Comment{jabref-meta: databaseType:biblatex;}
